@InProceedings{ref13,
author="Linda, Sonal
and Bharadwaj, K. K.",
editor="Tiwary, Uma Shanker",
title="A Decision Tree Based Context-Aware Recommender System",
booktitle="Intelligent Human Computer Interaction",
year="2018",
publisher="Springer International Publishing",
address="Cham",
pages="293--305",
isbn="978-3-030-04021-5"
}

@INPROCEEDINGS{ref15,

  author={A. S. A. {Sukor} and A. {Zakaria} and N. A. {Rahim}},

  booktitle={2018 IEEE 14th International Colloquium on Signal Processing   Its Applications (CSPA)}, 

  title={Activity recognition using accelerometer sensor and machine learning classifiers}, 

  year={2018},

  pages={233-238}}
  
@misc{ref17, title={Real-time human ambulation, activity, and physiological monitoring: taxonomy of issues, techniques, applications, challenges and limitations}, url={https://www.ncbi.nlm.nih.gov/pmc/articles/PMC3859040/}, journal={Sensors (Basel, Switzerland)}, publisher={Molecular Diversity Preservation International (MDPI)}, author={Khusainov, Rinat and Azzi, Djamel and Achumba, Ifeyinwa E and Bersch, Sebastian D}, year={2013}, month={Sep}}

@article{ref53,
title = "Mobile health monitoring system based on activity recognition using accelerometer",
journal = "Simulation Modelling Practice and Theory",
volume = "18",
number = "4",
pages = "446 - 455",
year = "2010",
note = "Modeling and Simulation Techniques for Future Generation Communication Networks",
issn = "1569-190X",
doi = "https://doi.org/10.1016/j.simpat.2009.09.002",
url = "http://www.sciencedirect.com/science/article/pii/S1569190X09001269",
author = "Yu-Jin Hong and Ig-Jae Kim and Sang Chul Ahn and Hyoung-Gon Kim"
}

@misc{ref18, title={Validity of Accelerometry to Measure Physical Activity... : Pediatric Physical Therapy}, url={https://journals.lww.com/pedpt/FullText/2017/10000/Validity_of_Accelerometry_to_Measure_Physical.8.aspx}, journal={LWW}, author={Queensland Cerebral Palsy and Rehabilitation Research Centre}}

@misc{ref21, title={Improving Physical Activity mHealth Interventions: Development of a Computational Model of Self-Efficacy Theory to Define Adaptive Goals for Exercise Promotion}, url={https://www.hindawi.com/journals/ahci/2019/3068748/}, journal={Advances in Human-Computer Interaction}, publisher={Hindawi}, author={Dario and Sartori and Fabio and Greco and Andrea and Dâ€™Addario and Marco and Riccardo and Patrizia}, year={2019}, month={Mar}}

@article{ref11,
  title={Personalizing Mobile Fitness Apps using Reinforcement Learning},
  author={Mo Zhou and Yonatan Dov Mintz and Yoshimi Fukuoka and Kenneth Y. Goldberg and Elena Flowers and Philip Kaminsky and Alejandro Castillejo and Anil Aswani},
  journal={CEUR workshop proceedings},
  year={2018},
  volume={2068}
}

@INPROCEEDINGS{ref23,

  author={N. {Mendes} and B. {Alves} and S. {Paiva}},

  booktitle={2016 17th IEEE International Conference on Mobile Data Management (MDM)}, 

  title={Context-Aware Mobile Recommender System Based on Activity Patterns}, 

  year={2016},

  volume={2},

  pages={70-74},}
  
@article{ref28,
author = {Harold, Dr},
year = {2015},
month = {03},
title = {Android Application to Assess Smartphone Accelerometers and Bluetooth for Real-Time Control},
volume = {6},
journal = {International Journal of Advanced Computer Science and Applications},
doi = {10.14569/IJACSA.2015.060302}
}

