@misc{ref1,title={Deep Activity Recognition Models with Triaxial Accelerometers}, url={https://www.aaai.org/ocs/index.php/WS/AAAIW16/paper/viewPaper/12627}, journal={Association for the Advancement of Artificial Intelligence}, year={2016}, month={03},author={Alsheikh, Mohammad Abu and Selim, Ahmed and Niyato, Dusit and Doyle, Linda and Shaowei Lin, Hwee-Pink Tan}}

@misc{ref2, title={How Deep Learning Can Help Prevent Financial Fraud}, url={https://www.investopedia.com/terms/d/deep-learning.asp}, journal={Investopedia}, publisher={Investopedia}, author={Hargrave, Marshall}, year={2020}, month={02}, howpublished = {\url{{https://www.investopedia.com/terms/d/deep-learning.asp}}},
note = {[Online, Bezocht: 23-02-2020]}}

@book{ref3, place={Berkley}, title={MATLAB Deep Learning}, publisher={04ess}, year={2017}}

@Article{ref4,
AUTHOR = {Dijkhuis, Talko B. and Blaauw, Frank J. and Van Ittersum, Miriam  W. and Velthuijsen, Hugo and Aiello, Marco},
TITLE = {Personalized Physical Activity Coaching: A Machine Learning Approach},
JOURNAL = {Sensors},
VOLUME = {18},
YEAR = {2018},
NUMBER = {2},
ARTICLE-NUMBER = {623},
URL = {https://www.mdpi.com/1424-8220/18/2/623},
ISSN = {1424-8220},
DOI = {10.3390/s18020623}
}

@article{ref5,
title = "A data-driven approach to modeling physical fatigue in the workplace using wearable sensors",
journal = "Applied Ergonomics",
volume = "65",
pages = "515 - 529",
year = "2017",
issn = "0003-6870",
doi = "https://doi.org/10.1016/j.apergo.2017.02.001",
url = "http://www.sciencedirect.com/science/article/pii/S0003687017300261",
author = "Zahra [Sedighi Maman] and Mohammad Ali [Alamdar Yazdi] and Lora A. Cavuoto and Fadel M. Megahed",
}

@article{ref6,
title = "On the use of ensemble of classifiers for accelerometer-based activity recognition",
journal = "Applied Soft Computing",
volume = "37",
pages = "1018 - 1022",
year = "2015",
issn = "1568-4946",
doi = "https://doi.org/10.1016/j.asoc.2015.01.025",
url = "http://www.sciencedirect.com/science/article/pii/S1568494615000447",
author = "Cagatay Catal and Selin Tufekci and Elif Pirmit and Guner Kocabag",
}

@INPROCEEDINGS{ref7,

  author={P. S. {Pratiwi} and D. W. {Tjondronegoro} and Y. {Xu} and Y. {Li} and S. {Trost} and K. {Clanchy}},

  booktitle={2018 International Conference on Intelligent Autonomous Systems (ICoIAS)}, 

  title={Automated e-Coaching System Architecture Framework for Promoting Physical Activity}, 

  year={2018},

  pages={88-91},}


@misc{ref8, title={Export Data}, journal={Export Data}, author={Polar flow}, howpublished = {\url{{https://support.polar.com/e\_manuals/Team\_Pro/Polar\_Team\_Pro\_user\_manual\_English/Content/Export\_Data.htm}}},
note = {[Online, Bezocht: 05-03-2020]}}

@misc{ref9, title={Polar Flow webservice}, url={https://support.polar.com/e_manuals/M430/Polar_M430_user_manual_Nederlands/Content/Polar-Flow-Web-Service.htm}, journal={Polar M430 Gebruiksaanwijzing | Polar Flow webservice}, author={Polar flow}, howpublished = {\url{{https://support.polar.com/e\_manuals/M430/Polar\_M430\_user\_manual\_Nederlands/Content/Polar-Flow-Web-Service.htm}}},
note = {[Online, Bezocht: 05-03-2020]}}

@misc{ref10, title={Platform Overview | Google Fit | Google Developers}, url={https://developers.google.com/fit/overview}, journal={Google}, publisher={Google}, author={Google developers}, year={2019}, month={06}, howpublished = {\url{{https://developers.google.com/fit/overview}}},
note = {[Online, Bezocht: 08-03-2020]}}

@article{ref11,
  title={Personalizing Mobile Fitness Apps using Reinforcement Learning},
  author={Mo Zhou and Yonatan Dov Mintz and Yoshimi Fukuoka and Kenneth Y. Goldberg and Elena Flowers and Philip Kaminsky and Ale01dro Castillejo and Anil Aswani},
  journal={CEUR workshop proceedings},
  year={2018},
  volume={2068}
}

@article{ref12,
title = "The use of machine learning algorithms in recommender systems: A systematic review",
journal = "Expert Systems with Applications",
volume = "97",
pages = "205 - 227",
year = "2018",
issn = "0957-4174",
doi = "https://doi.org/10.1016/j.eswa.2017.12.020",
url = "http://www.sciencedirect.com/science/article/pii/S0957417417308333",
author = "Ivens Portugal and Paulo Alencar and Donald Cowan",
}

@InProceedings{ref13,
author="Linda, Sonal
and Bharadwaj, K. K.",
editor="Tiwary, Uma Shanker",
title="A Decision Tree Based Context-Aware Recommender System",
booktitle="Intelligent Human Computer Interaction",
year="2018",
publisher="Springer International Publishing",
address="Cham",
pages="293--305",
isbn="978-3-030-04021-5"
}

@inproceedings{ref14,
  title={Statistical Analysis of Window Sizes and Sampling Rates in Human Activity Recognition},
  author={Anzah H. Niazi and Delaram Yazdansepas and Jennifer L. Gay and Frederick W. Maier and Lakshmish Ramaswamy and Khaled Rasheed and Matthew P. Buman},
  booktitle={HEALTHINF},
  year={2017}
}

@INPROCEEDINGS{ref15,

  author={A. S. A. {Sukor} and A. {Zakaria} and N. A. {Rahim}},

  booktitle={2018 IEEE 14th International Colloquium on Signal Processing   Its Applications (CSPA)}, 

  title={Activity recognition using accelerometer sensor and machine learning classifiers}, 

  year={2018},

  pages={233-238},}


@article{ref16, title={Integrating Features for Accelerometer-based Activity Recognition}, volume={98}, DOI={10.1016/j.procs.2016.09.070}, journal={Procedia Computer Science}, author={Erdaş, Ç.berke and Atasoy, Işıl and Açıcı, Koray and Oğul, Hasan}, year={2016}, pages={522–527}}

@misc{ref17, title={Real-time human ambulation, activity, and physiological monitoring: taxonomy of issues, techniques, applications, challenges and limitations}, url={https://www.ncbi.nlm.nih.gov/pmc/articles/PMC3859040/}, journal={Sensors (Basel, Switzerland)}, publisher={Molecular Diversity Preservation International (MDPI)}, author={Khusainov, Rinat and Azzi, Djamel and Achumba, Ifeyinwa E and Bersch, Sebastian D}, year={2013}, month={09}}

@misc{ref18, title={Validity of Accelerometry to Measure Physical Activity... : Pediatric Physical Therapy}, url={https://journals.lww.com/pedpt/FullText/2017/10000/Validity_of_Accelerometry_to_Measure_Physical.8.aspx}, journal={LWW}, author={Queensland Cerebral Palsy and Rehabilitation Research Centre}}

@misc{ref19, title={Metabolic equivalent of task (METs) thresholds as an indicator of physical activity intensity}, url={https://www.ncbi.nlm.nih.gov/pmc/articles/PMC6053180/}, journal={PloS one}, publisher={Public Library of Science}, author={Mendes, Márcio de Almeida and da Silva, Inácio and Ramires, Virgílio and Reichert, Felipe and Martins, Rafaela and Ferreira, Rodrigo and Tomasi, Elaine}, year={2018}, month={07}}

@inproceedings{ref20,
author = {Khatri, Ashik and Shastri, Dvijesh and Tsiamyrtzis, Panagiotis and Uyanik, Ilyas and Akleman, Ergun and Pavlidis, Ioannis},
title = {Effects of Simple Personalized Goals on the Usage of a Physical Activity App},
year = {2016},
isbn = {9781450340823},
publisher = {Association for Computing Machinery},
address = {New York, NY, USA},
url = {https://doi.org/10.1145/2851581.2892366},
doi = {10.1145/2851581.2892366},
booktitle = {Proceedings of the 2016 CHI Conference Extended Abstracts on Human Factors in Computing Systems},
pages = {2249–2256},
numpages = {8},
keywords = {walking app, obesity, weight loss, personalized goal, physical activity monitoring, social competition, energy expenditure},
location = {San Jose, California, USA},
series = {CHI EA ’16}
}
  


@misc{ref21, title={Improving Physical Activity mHealth Interventions: Development of a Computational Model of Self-Efficacy Theory to Define Adaptive Goals for Exercise Promotion}, url={https://www.hindawi.com/journals/ahci/2019/3068748/}, journal={Advances in Human-Computer Interaction}, publisher={Hindawi}, author={Dario and Sartori and Fabio and Greco and Andrea and D’Addario and Marco and Riccardo and Patrizia}, year={2019}, month={Mar}}

@inproceedings{ref22,
author = {Geurts, Eva and Van Geel, Fanny and Feys, Peter and Coninx, Karin},
title = {WalkWithMe: Personalized Goal Setting and Coaching for Walking in People with Multiple Sclerosis},
year = {2019},
isbn = {9781450360210},
publisher = {Association for Computing Machinery},
address = {New York, NY, USA},
url = {https://doi.org/10.1145/3320435.3320459},
doi = {10.1145/3320435.3320459},
booktitle = {Proceedings of the 27th ACM Conference on User Modeling, Adaptation and Personalization},
pages = {51–60},
numpages = {10}
location = {Larnaca, Cyprus},
series = {UMAP ’19}
}
  


@INPROCEEDINGS{ref23,

  author={N. {Mendes} and B. {Alves} and S. {Paiva}},

  booktitle={2016 17th IEEE International Conference on Mobile Data Management (MDM)}, 

  title={Context-Aware Mobile Recommender System Based on Activity Patterns}, 

  year={2016},

  volume={2},

  pages={70-74},}


@misc{ref24, title={Polar M600 Gebruiksaanwijzing}, url={https://support.polar.com/e_manuals/M600/wear-os/polar-m600-user-manual-nederlands/Content/introduction.htm}, journal={M600 Gebruiksaanwijzing | Polar M600 Gebruiksaanwijzing}, author={Polar flow}, howpublished = {\url{{https://support.polar.com/e\_manuals/M600/wear-os/polar-m600-user-manual-nederlands/Content/introduction.htm}}},
note = {[Online, Bezocht: 02-03-2020]}}

@misc{ref25, title={Understanding OAuth2}, url={http://www.bubblecode.net/en/2016/01/22/understanding-oauth2/}, journal={BubbleCode by Johann Reinke RSS}, author={Eric and Reinke, Johann and Reinke, Johann and Jc and Uneak and David and Laurent and Narayan and Max and Jean-Marc and et al.}, year={2016}, month={01}, howpublished = {\url{{http://www.bubblecode.net/en/2016/01/22/understanding-oauth2/}}},
note = {[Online, Bezocht: 16-03-2020]}}

@misc{ref26, title={Send and sync data on Wear}, url={https://developer.android.com/training/wearables/data-layer}, journal={Android Developers}, author={Android developers}, year={2019}, month={12}, howpublished = {\url{{https://developer.android.com/training/wearables/data-layer}}},
note = {[Online, Bezocht: 10-04-2020]}}

@misc{ref27, title={About pandas}, url={https://pandas.pydata.org/about/index.html}, journal={pandas}, author={Pandas}, howpublished = {\url{{https://pandas.pydata.org/about/index.html}}},
note = {[Online, Bezocht: 20-05-2020]}}

@article{ref28,
author = {Harold, Dr},
year = {2015},
month = {03},
title = {Android Application to Assess Smartphone Accelerometers and Bluetooth for Real-Time Control},
volume = {6},
journal = {International Journal of Advanced Computer Science and Applications},
doi = {10.14569/IJACSA.2015.060302}
}

@misc{ref29, title={Deep dive into multi-label classification..! (With detailed Case Study)}, url={https://towardsdatascience.com/journey-to-the-center-of-multi-label-classification-384c40229bff}, journal={Medium}, publisher={Towards Data Science}, author={Nooney, Kartik}, year={2019}, month={02}, howpublished = {\url{{https://towardsdatascience.com/journey-to-the-center-of-multi-label-classification-384c40229bff}}},
note = {[Online, Bezocht: 11-03-2020]}}

@misc{ref30, title={Multiclass and multilabel algorithms}, url={https://ogrisel.github.io/scikit-learn.org/sklearn-tutorial/modules/multiclass.html}, journal={3.10. Multiclass and multilabel algorithms - scikit-learn 0.11-git documentation}, author={Scikit learn}, howpublished = {\url{{https://ogrisel.github.io/scikit-learn.org/sklearn-tutorial/modules/multiclass.html}}},
note = {[Online, Bezocht: 11-03-2020]}}

@misc{ref31, title={Support Vector Machine-Simply Explained}, url={https://towardsdatascience.com/support-vector-machine-simply-explained-fee28eba5496}, journal={Medium}, publisher={Towards Data Science}, author={Chen, Lujing}, year={2019}, month={01}, howpublished = {\url{{https://towardsdatascience.com/support-vector-machine-simply-explained-fee28eba5496t}}},
note = {[Online, Bezocht: 12-03-2020]}}

@misc{ref32, title={How does one interpret SVM feature weights?}, url={https://stats.stackexchange.com/questions/39243/how-does-one-interpret-svm-feature-weights}, journal={Cross Validated}, author={Richardson, Austin RichardsonAustin}, year={2012}, howpublished = {\url{{https://stats.stackexchange.com/questions/39243/how-does-one-interpret-svm-feature-weights}}},
note = {[Online, Bezocht: 12-03-2020]}}

@misc{ref33, title={Support Vector Machine - Introduction to Machine Learning Algorithms}, url={https://towardsdatascience.com/support-vector-machine-introduction-to-machine-learning-algorithms-934a444fca47}, journal={Medium}, publisher={Towards Data Science}, author={Gandhi, Rohith}, year={2018}, month={07}, howpublished = {\url{{https://towardsdatascience.com/support-vector-machine-introduction-to-machine-learning-algorithms-934a444fca47}}},
note = {[Online, Bezocht: 12-03-2020]}}

@misc{ref34, title={Support Vector Machines(SVM) - An Overview}, url={https://towardsdatascience.com/https-medium-com-pupalerushikesh-svm-f4b42800e989}, journal={Medium}, publisher={Towards Data Science}, author={Pupale, Rushikesh}, year={2019}, month={02}, howpublished = {\url{{https://towardsdatascience.com/https-medium-com-pupalerushikesh-svm-f4b42800e989}}},
note = {[Online, Bezocht: 12-03-2020]}}

@misc{ref35, title={Understanding Random Forest}, url={https://towardsdatascience.com/understanding-random-forest-58381e0602d2}, journal={Medium}, publisher={Towards Data Science}, author={Yiu, Tony}, year={2019}, month={08}, howpublished = {\url{{https://towardsdatascience.com/understanding-random-forest-58381e0602d2}}},
note = {[Online, Bezocht: 12-03-2020]}}

@misc{ref36, title={Understanding AdaBoost}, url={https://towardsdatascience.com/understanding-adaboost-2f94f22d5bfe}, journal={Medium}, publisher={Towards Data Science}, author={Desarda, Akash}, year={2019}, month={01}, howpublished = {\url{{https://towardsdatascience.com/understanding-adaboost-2f94f22d5bfe}}},
note = {[Online, Bezocht: 13-03-2020]}}

@misc{ref37, title={Learn Naive Bayes Algorithm: Naive Bayes Classifier Examples}, author={Ray, Sunil and Business Analytics and Intelligence}, year={2020}, month={04}, howpublished = {\url{{https://www.analyticsvidhya.com/blog/2017/09/naive-bayes-explained/}}},
note = {[Online, Bezocht: 13-03-2020]}}

@misc{ref38, title={Why does Naive Bayes work better when the number of features sample size compared to more sophisticated ML algorithms?}, url={https://stats.stackexchange.com/questions/379383/why-does-naive-bayes-work-better-when-the-number-of-features-sample-size-comp}, year={2018}, month={12}, howpublished = {\url{{https://stats.stackexchange.com/questions/379383/why-does-naive-bayes-work-better-when-the-number-of-features-sample-size-comp}}},
note = {[Online, Bezocht: 13-03-2020]}}

@misc{ref39, title={Machine Learning Basics with the K-Nearest Neighbors Algorithm}, url={https://towardsdatascience.com/machine-learning-basics-with-the-k-nearest-neighbors-algorithm-6a6e71d01761}, journal={Medium}, publisher={Towards Data Science}, author={Harrison, Onel}, year={2019}, month={07}, howpublished = {\url{{https://towardsdatascience.com/machine-learning-basics-with-the-k-nearest-neighbors-algorithm-6a6e71d01761}}},
note = {[Online, Bezocht: 14-03-2020]}}

@misc{ref40, title={Stochastic Gradient Descent}, url={https://scikit-learn.org/stable/modules/sgd.html}, author={Scikit learn}, year={2019}, howpublished = {\url{{https://scikit-learn.org/stable/modules/sgd.html}}},
note = {[Online, Bezocht: 09-03-2020]}}

@misc{ref41, title={Stochastic Gradient Descent-Clearly Explained!!}, url={https://towardsdatascience.com/stochastic-gradient-descent-clearly-explained-53d239905d31}, journal={Medium}, publisher={Towards Data Science}, author={Srinivasan, Aishwarya V}, year={2019}, month={09}, howpublished = {\url{{https://towardsdatascience.com/stochastic-gradient-descent-clearly-explained-53d239905d31}}},
note = {[Online, Bezocht: 14-03-2020]}}

@misc{ref42, title={Gradient descent and stochastic gradient descent from scratch}, url={https://gluon.mxnet.io/chapter06_optimization/gd-sgd-scratch.html}, journal={Gradient descent and stochastic gradient descent from scratch - The Straight Dope 0.1 documentation}, author={Gluon}, year={2017}, howpublished = {\url{{https://gluon.mxnet.io/chapter06_optimization/gd-sgd-scratch.html}}},
note = {[Online, Bezocht: 14-03-2020]}}

@misc{ref43, title={A Beginner's Guide To Scikit-Learn's MLPClassifier}, url={https://analyticsindiamag.com/a-beginners-guide-to-scikit-learns-mlpclassifier/}, journal={Analytics India Magazine}, author={Nair, Amal}, year={2020}, month={04}, howpublished = {\url{{https://analyticsindiamag.com/a-beginners-guide-to-scikit-learns-mlpclassifier/}}},
note = {[Online, Bezocht: 15-03-2020]}}

@misc{ref44, title={Understanding of Multilayer perceptron (MLP)}, url={https://medium.com/@AI_with_Kain/understanding-of-multilayer-perceptron-mlp-8f179c4a135f}, journal={Medium}, publisher={Medium}, author={Kain, Nitin Kumar}, year={2019}, month={12}, howpublished = {\url{{https://medium.com/@AI_with_Kain/understanding-of-multilayer-perceptron-mlp-8f179c4a135f}}},
note = {[Online, Bezocht: 15-03-2020]}}

@misc{ref45, title={Basics of Multilayer Perceptron - A Simple Explanation of Multilayer Perceptron}, url={https://kindsonthegenius.com/blog/2018/01/basics-of-multilayer-perceptron-a-simple-explanation-of-multilayer-perceptron.html}, journal={The Genius Blog}, year={2018}, month={01}, howpublished = {\url{{https://kindsonthegenius.com/blog/2018/01/basics-of-multilayer-perceptron-a-simple-explanation-of-multilayer-perceptron.html}}},
note = {[Online, Bezocht: 15-03-2020]}}

@misc{ref46, title={How to choose the number of hidden layers and nodes in a feedforward neural network?}, url={https://stats.stackexchange.com/questions/181/how-to-choose-the-number-of-hidden-layers-and-nodes-in-a-feedforward-neural-netw}, journal={Cross Validated}, author={Hyndman, Rob HyndmanRob}, year={1960}, month={Mar}, howpublished = {\url{{https://stats.stackexchange.com/questions/181/how-to-choose-the-number-of-hidden-layers-and-nodes-in-a-feedforward-neural-netw}}},
note = {[Online, Bezocht: 02-04-2020]}}

@misc{ref47, title={The best explanation of Convolutional Neural Networks on the Internet!}, url={https://medium.com/technologymadeeasy/the-best-explanation-of-convolutional-neural-networks-on-the-internet-fbb8b1ad5df8}, journal={Medium}, publisher={TechnologyMadeEasy}, author={Pokharna}, year={2016}, month={07}, howpublished = {\url{{https://medium.com/technologymadeeasy/the-best-explanation-of-convolutional-neural-networks-on-the-internet-fbb8b1ad5df8}}},
note = {[Online, Bezocht: 01-04-2020]}}

@misc{ref48, title={An Intuitive Explanation of Convolutional Neural Networks}, url={https://ujjwalkarn.me/2016/08/11/intuitive-explanation-convnets/}, journal={the data science blog}, author={Ujjwalkarn}, year={2017}, month={05}, howpublished = {\url{{https://ujjwalkarn.me/2016/08/11/intuitive-explanation-convnets/}}},
note = {[Online, Bezocht: 01-04-2020]}}

@misc{ref49, title={Learning Less to Learn Better-Dropout in (Deep) Machine learning}, url={https://medium.com/@amarbudhiraja/https-medium-com-amarbudhiraja-learning-less-to-learn-better-dropout-in-deep-machine-learning-74334da4bfc5}, journal={Medium}, publisher={Medium}, author={Budhiraja, Amar}, year={2018}, month={Mar}, howpublished = {\url{{https://medium.com/@amarbudhiraja/https-medium-com-amarbudhiraja-learning-less-to-learn-better-dropout-in-deep-machine-learning-74334da4bfc5}}},
note = {[Online, Bezocht: 01-04-2020]}}

@misc{ref50, title={Introduction to recommender systems}, url={https://towardsdatascience.com/introduction-to-recommender-systems-6c66cf15ada}, journal={Medium}, publisher={Towards Data Science}, author={Rocca, Baptiste}, year={2019}, month={06}, howpublished = {\url{{https://towardsdatascience.com/introduction-to-recommender-systems-6c66cf15ada}}},
note = {[Online, Bezocht: 30-03-2020]}}

@article{ref51,
author = {Ochi, Youji},
year = {2014},
month = {03},
pages = {437-440},
title = {Rope Skipping Motion Recognition System Using Kinect},
volume = {2209},
journal = {Lecture Notes in Engineering and Computer Science}
}

@INPROCEEDINGS{ref52,
  author={L. {Mo} and Z. {Feng} and J. {Qian}},
  booktitle={2016 10th International Conference on Sensing Technology (ICST)}, 
  title={Human daily activity recognition with wearable sensors based on incremental learning}, 
  year={2016},

  pages={1-5},}
  
@article{ref53,
title = "Mobile health monitoring system based on activity recognition using accelerometer",
journal = "Simulation Modelling Practice and Theory",
volume = "18",
number = "4",
pages = "446 - 455",
year = "2010",
note = "Modeling and Simulation Techniques for Future Generation Communication Networks",
issn = "1569-190X",
doi = "https://doi.org/10.1016/j.simpat.2009.09.002",
url = "http://www.sciencedirect.com/science/article/pii/S1569190X09001269",
author = "Yu-Jin Hong and Ig-Jae Kim and Sang Chul Ahn and Hyoung-Gon Kim"
}

@misc{ref54, title={Accelerometers: What They Are & How They Work}, url={https://www.livescience.com/40102-accelerometers.html}, journal={LiveScience}, publisher={Purch}, author={Goodrich, Ryan}, year={2013}, month={10}, howpublished = {\url{{https://www.livescience.com/40102-accelerometers.html}}},
note = {[Online, Bezocht: 10-05-2020]}}

@misc{ref55, title={Motion and position sensors}, url={https://google-developer-training.github.io/android-developer-advanced-course-concepts/unit-1-expand-the-user-experience/lesson-3-sensors/3-2-c-motion-and-position-sensors/3-2-c-motion-and-position-sensors.html}, journal={3.2: Motion and position sensors · GitBook}, author={Google}, howpublished = {\url{{https://google-developer-training.github.io/android-developer-advanced-course-concepts/unit-1-expand-the-user-experience/lesson-3-sensors/3-2-c-motion-and-position-sensors/3-2-c-motion-and-position-sensors.html}}},
note = {[Online, Bezocht: 10-05-2020]}}

@misc{ref56, title={Accelerometer Basics}, url={https://learn.sparkfun.com/tutorials/accelerometer-basics/all}, journal={Accelerometer Basics}, author={K, Toni}, howpublished = {\url{{https://learn.sparkfun.com/tutorials/accelerometer-basics/all}}},
note = {[Online, Bezocht: 10-05-2020]}}

@misc{ref57, title={How wearable heart-rate monitors work, and which is best for you}, url={https://arstechnica.com/gadgets/2017/04/how-wearable-heart-rate-monitors-work-and-which-is-best-for-you/}, journal={Ars Technica}, author={Palladino, Valentina}, year={2017}, month={04}, howpublished = {\url{{https://arstechnica.com/gadgets/2017/04/how-wearable-heart-rate-monitors-work-and-which-is-best-for-you/}}},
note = {[Online, Bezocht: 10-05-2020]}}

@misc{ref58, title={How Optical Heart Rate Monitoring Works With Polar Precision Prime}, url={https://www.polar.com/blog/optical-heart-rate-monitoring-polar-precision-prime/}, journal={Polar Blog}, year={2020}, month={03}, howpublished = {\url{{https://www.polar.com/blog/optical-heart-rate-monitoring-polar-precision-prime/}}},
note = {[Online, Bezocht: 13-03-2020]}}

@misc{ref59, title={Some heart-rate monitors give less reliable readings for people of colour}, url={https://theconversation.com/some-heart-rate-monitors-give-less-reliable-readings-for-people-of-colour-121007}, journal={The Conversation}, author={Collins, Tim and Woolley, Sandra}, year={2020}, month={03}, howpublished = {\url{{https://theconversation.com/some-heart-rate-monitors-give-less-reliable-readings-for-people-of-colour-121007}}},
note = {[Online, Bezocht: 21-05-2020]}}

@misc{ref60, title={Scikit learn}, url={https://scikit-learn.org/stable/}, journal={scikit}, author={Scikit learn}, year={2020}, howpublished = {\url{{https://scikit-learn.org/stable/}}},
note = {[Online, Bezocht: 20-05-2020]}}

@misc{ref61, title={Firebase}, url={https://firebase.google.com/}, journal={Google}, publisher={Google}, author={Google}, year={2020}, howpublished = {\url{{https://firebase.google.com/}}},
note = {[Online, Bezocht: 20-05-2020]}}

@misc{ref62, title={TensorFlow}, url={https://www.tensorflow.org/}, journal={TensorFlow}, author={TensorFlow}, year={2020}, howpublished = {\url{{https://www.tensorflow.org/}}},
note = {[Online, Bezocht: 20-05-2020]}}

@misc{ref63, title={TensorFlow Lite inference}, url={https://www.tensorflow.org/lite/guide/inference}, journal={TensorFlow}, author={TensorFlow}, year={2020}, month={03}, howpublished = {\url{{https://www.tensorflow.org/lite/guide/inference}}},
note = {[Online, Bezocht: 13-04-2020]}}

@misc{ref64, title={Getting started with WorkManager}, url={https://developer.android.com/topic/libraries/architecture/workmanager/basics}, author={Android developers}, year={2020}, month={05}, howpublished = {\url{{https://developer.android.com/topic/libraries/architecture/workmanager/basics}}},
note = {[Online, Bezocht: 11-05-2020]}}

@misc{ref65, title={WorkManager Periodicity}, url={https://medium.com/androiddevelopers/workmanager-periodicity-ff35185ff006}, author={Maggi, Pietro}, year={2019}, month={11}, howpublished = {\url{{https://medium.com/androiddevelopers/workmanager-periodicity-ff35185ff006}}},
note = {[Online, Bezocht: 11-05-2020]}}

@misc{ref66, title={Room Persistence Library}, url={https://developer.android.com/topic/libraries/architecture/room}, author={Android developers}, year={2020}, month={05}, howpublished = {\url{{https://developer.android.com/topic/libraries/architecture/room}}},
note = {[Online, Bezocht: 11-05-2020]}}

@misc{ref67, title={SQLite - Overview}, author={Tutorialspoint}, year={2020}, howpublished = {\url{https://www.tutorialspoint.com/sqlite/sqlite\_overview.htm}},
note = {[Online, Bezocht: 11-05-2020]}}

@misc{ref68, title={Sensors Overview}, author={Android developers}, year={2019}, month={12},howpublished = {\url{{https://developer.android.com/guide/topics/sensors/sensors\_overview}}},
note = {[Online, Bezocht: 02-03-2020]}}

@misc{ref69, title={Data Preprocessing : Concepts}, url={https://towardsdatascience.com/data-preprocessing-concepts-fa946d11c825}, publisher={Towards Data Science}, author={Pandey, Pranjal}, year={2019}, month={11},howpublished = {\url{{https://towardsdatascience.com/data-preprocessing-concepts-fa946d11c825}}},
note = {[Online, Bezocht: 27-02-2020]}}

@misc{ref70, title={Savitzky-Golay Filter}, url={http://www.statistics4u.com/fundstat\_eng/cc\_filter\_savgolay.html}, year={2012}, month={10}, author={Lohninger, H.},howpublished = {\url{{http://www.statistics4u.com/fundstat\_eng/cc\_filter\_savgolay.html}}},
note = {[Online, Bezocht: 20-05-2020]}}

@misc{ref71, title={Calculating Physical Activity Intensity}, url={https://www.diversalertnetwork.org/health/heart/calculating-physical-activity-intensity}, author={Denoble, Petar and Chimiak, James},howpublished = {\url{{https://www.diversalertnetwork.org/health/heart/calculating-physical-activity-intensity}}},
note = {[Online, Bezocht: 10-03-2020]}}

@misc{ref72, title={Running heart rate zones: The basics}, url={https://www.polar.com/blog/running-heart-rate-zones-basics/}, author={Polar}, year={2020}, month={04},howpublished = {\url{{https://www.polar.com/blog/running-heart-rate-zones-basics/}}},
note = {[Online, Bezocht: 10-03-2020]}}

@article{ref73,
author = {Decloedt, Cas},
year = {2019},
month = {05},
title = {Assessing the physical capabilities of sportsmen using wearables and machine learning},
}

@inbook{ref74,
author = {Ballı, Serkan and Sağbaş, Ensar},
year = {2017},
month = {04},
title = {The Usage of Statistical Learning Methods on Wearable Devices and a Case Study: Activity Recognition on Smartwatches},
isbn = {978-953-51-3101-4},
doi = {10.5772/66213}
}

@misc{ref75, title={Data and file storage overview}, author={Android Developers}, url={https://developer.android.com/training/data-storage}, year={2020}, month={05},
howpublished = {\url{{https://developer.android.com/training/data-storage}}},
note = {[Online, Bezocht: 30-05-2020]}}

@article{ref76,
title = "Evaluation of accelerometer based multi-sensor versus single-sensor activity recognition systems",
journal = "Medical Engineering & Physics",
volume = "36",
number = "6",
pages = "779 - 785",
year = "2014",
issn = "1350-4533",
doi = "https://doi.org/10.1016/j.medengphy.2014.02.012",
url = "http://www.sciencedirect.com/science/article/pii/S1350453314000344",
author = "Lei Gao and A.K. Bourke and John Nelson",
}

@misc{ref77, title={Data and file storage overview}, author={Android Developers}, year={2020}, month={05},
howpublished = {\url{{http://www.univagora.ro/jour/index.php/ijccc/article/view/2787/1064}}},
note = {[Online, Bezocht: 30-05-2020]}}

@misc{ref78, title={Data and file storage overview}, author={Android Developers}, year={2020}, month={05},
howpublished = {\url{{https://www.revolvy.com/page/Signal-magnitude-area}}},
note = {[Online, Bezocht: 30-05-2020]}}

@InProceedings{ref79,
author="Huynh, Quoc T.
and Nguyen, Uyen D.
and Tran, Binh Q.",
editor="Vo Van, Toi 
and Nguyen Le, Thanh An
and Nguyen Duc, Thang",
title="Power Spectral Analyses to Detect Falls Using 3-D Accelerometers",
booktitle="6th International Conference on the Development of Biomedical Engineering in Vietnam (BME6) ",
year="2018",
publisher="Springer Singapore",
address="Singapore",
pages="191--195",
}

@misc{ref80, title={What is a Power Spectral Density (PSD)?}, author={Siemens}, year={2019}, month={08},
howpublished = {\url{{https://community.sw.siemens.com/s/article/what-is-a-power-spectral-density-psd}}},
note = {[Online, Bezocht: 30-05-2020]}}


@misc{ref81, title={Overfitting in Machine Learning: What It Is and How to Prevent It}, author={Elitedatascience}, year={2019},
howpublished = {\url{{
https://elitedatascience.com/overfitting-in-machine-learning}}},
note = {[Online, Bezocht: 30-05-2020]}}

@misc{ref82, title={Jump Rope Tricks & Skills Guide}, author={Matt Hopkins}, year={2014}, month={06},
howpublished = {\url{{
https://buyjumpropes.net/resources/jump-rope-tricks-and-tips/}}},
note = {[Online, Bezocht: 01-03-2020]}}

















